<record xmlns="http://www.loc.gov/MARC21/slim" xmlns:xsi="http://www.w3.org/2001/XMLSchema-instance" xsi:schemaLocation="http://www.loc.gov/MARC21/slim http://www.loc.gov/standards/marcxml/schema/MARC21slim.xsd"><leader>00037nz   2200037n  4500</leader><controlfield tag="008">851007n| acannaab           |a aaa      </controlfield><datafield ind1=" " ind2=" " tag="010"><subfield code="a">n  85127284</subfield></datafield><datafield ind1=" " ind2=" " tag="040"><subfield code="a">DLC</subfield><subfield code="c">DLC</subfield><subfield code="d">DLC</subfield><subfield code="d">InU</subfield><subfield code="d">Uk</subfield></datafield><datafield ind1="0" ind2=" " tag="100"><subfield code="a">Nicephorus,</subfield><subfield code="c">Blemmydes,</subfield><subfield code="d">1197-1272</subfield></datafield><datafield ind1="1" ind2=" " tag="400"><subfield code="a">Blemmydes, Nicephorus,</subfield><subfield code="d">1197-1272</subfield></datafield><datafield ind1="0" ind2=" " tag="400"><subfield code="a">Nicephorus,</subfield><subfield code="c">Blemmida,</subfield><subfield code="d">1197-1272</subfield></datafield><datafield ind1="1" ind2=" " tag="400"><subfield code="a">Blemmydas, Nicephorus,</subfield><subfield code="d">1197-1272</subfield></datafield><datafield ind1="1" ind2=" " tag="400"><subfield code="a">Blemmida, Nicephorus,</subfield><subfield code="d">1197-1272</subfield></datafield><datafield ind1="0" ind2=" " tag="400"><subfield code="a">Nikēphoros,</subfield><subfield code="c">Blemmydēs,</subfield><subfield code="d">1197-1272</subfield></datafield><datafield ind1="1" ind2=" " tag="400"><subfield code="a">Blemmydēs, Nikēphoros,</subfield><subfield code="d">1197-1272</subfield></datafield><datafield ind1="0" ind2=" " tag="400"><subfield code="a">Nikēphoros,</subfield><subfield code="c">Vlemmydēs,</subfield><subfield code="d">1197-1272</subfield></datafield><datafield ind1="1" ind2=" " tag="400"><subfield code="a">Vlemmydēs, Nikēphoros,</subfield><subfield code="d">1197-1272</subfield></datafield><datafield ind1="1" ind2=" " tag="400"><subfield code="a">Vlemmid, Nikifor,</subfield><subfield code="d">1197-1272</subfield></datafield><datafield ind1="0" ind2=" " tag="400"><subfield code="a">Nikifor,</subfield><subfield code="c">Vlemmid,</subfield><subfield code="d">1197-1272</subfield></datafield><datafield ind1="0" ind2=" " tag="400"><subfield code="a">Νικηφορος,</subfield><subfield code="c">Βλε[mu][mu]υδης,</subfield><subfield code="d">1197-1272</subfield></datafield><datafield ind1="0" ind2=" " tag="400"><subfield code="a">Nicéphore,</subfield><subfield code="c">Blemmydès,</subfield><subfield code="d">1197-1272</subfield></datafield><datafield ind1=" " ind2=" " tag="667"><subfield code="a">Machine-derived non-Latin script reference project.</subfield></datafield><datafield ind1=" " ind2=" " tag="667"><subfield code="a">Non-Latin script reference not evaluated.</subfield></datafield><datafield ind1=" " ind2=" " tag="670"><subfield code="a">His Nicephori Blemmydae Autobiographia, sive, Curriculum vitae, 1984:</subfield><subfield code="b">t.p. (Nicephori Blemmydae) p. vii (Blemmydes)</subfield></datafield><datafield ind1=" " ind2=" " tag="670"><subfield code="a">LC manual auth. cd.</subfield><subfield code="b">(hdg.: Nicephorus Blemmydes)</subfield></datafield><datafield ind1=" " ind2=" " tag="670"><subfield code="a">New Cath. ency.</subfield><subfield code="b">(Nicephorus Blemmydes; Byzantine monk; theologian; b. Constantinople 1197; d. Emathia, near Ephesus, 1272)</subfield></datafield><datafield ind1=" " ind2=" " tag="670"><subfield code="a">BLC</subfield><subfield code="b">(Nicephorus, Blemmida)</subfield></datafield><datafield ind1=" " ind2=" " tag="670"><subfield code="a">Jöcher</subfield><subfield code="b">(Blemmydas, Nicephorus)</subfield></datafield><datafield ind1=" " ind2=" " tag="670"><subfield code="a">Cath. enc.</subfield><subfield code="b">(Blemmida (Blemmydes), Nicephorus, b. ca. 1198)</subfield></datafield><datafield ind1=" " ind2=" " tag="670"><subfield code="a">Ho "Basilikos Andrias" tou Nikēphorou Vlemmydē, 1996.</subfield></datafield><datafield ind1=" " ind2=" " tag="670"><subfield code="a">His Apodeixis ... 1985:</subfield><subfield code="b">t.p. ( Nikēphorou Blemmydou)</subfield></datafield><datafield ind1=" " ind2=" " tag="670"><subfield code="a">Nikifor Vlemmid i ego sochinenīi︠a︡, 1911.</subfield></datafield><datafield ind1=" " ind2=" " tag="670"><subfield code="a">Opseis tēs kosmologias kai tēs anthrōpologias tou Nikēphorou Vlemmydē, 2007:</subfield><subfield code="b">p. 21 (Νικηφορος Βλε[mu][mu]υδης = Nikēphoros Vlemmydēs)</subfield></datafield><datafield ind1=" " ind2=" " tag="670"><subfield code="a">Œuvres théologiques, 2007-:</subfield><subfield code="b">v.1 t.p. (Nicéphore Blemmydès)</subfield></datafield><datafield ind1=" " ind2=" " tag="675"><subfield code="a">Ency. Brit.</subfield></datafield><datafield ind1=" " ind2=" " tag="999"><subfield code="a">7239</subfield></datafield></record>